@MISC{
	db-engine:1,
	author = "Solid IT",
	title = "Key-Value Stores",
	howpublished="\url https://db-engines.com/en/article/Key-value+Stores",
	note = "Accessed: 2019-06-16"
}

@MISC{
	redis:1,
	title = "Redis",
	howpublished="\url https://redis.io",
	note = "Accessed: 2019-06-16"
}

@MISC{
	redis:2,
	title = "Redis Multi Model Store",
	howpublished="\url https://db-engines.com/en/system/Redis",
	note = "Accessed: 2019-06-16"
}

@MISC {
	db-engine:2,
	author = "Solid IT",
	title = "Key-Value Stores Ranking",
	howpublished = " \url https://db-engines.com/en/ranking/key-value+store",
	note = "Accessed: 2019-06-16"
}

@MISC {
	aws-nosql:1,
	title = "Document Store",
	howpublished = " \url https://aws.amazon.com/nosql/document//",
	note = "Accessed: 2019-06-16"
}

@MISC {
	aws-nosql:2,
	title = "Graph DBMS",
	howpublished = " \url https://aws.amazon.com/nosql/graph/",
	note = "Accessed: 2019-06-16"
}

@MISC {
	aws-nosql:3,
	title = "Search Engine Database",
	howpublished = " \url https://aws.amazon.com/nosql/search/",
	note = "Accessed: 2019-06-16"
}

@MISC {
	timeSeries:1,
	title = "Time Series Databases",
	howpublished = " \url https://www.forbes.com/sites/metabrown/2018/03/31/get-the-basics-on-nosql-databases-time-series-databases/",
	note = "Accessed: 2019-06-16"
}